<record><leader>00000cas a2200000 a 4500</leader><controlfield tag="001">12150821</controlfield><controlfield tag="008">850613d18781928ksuwr ne      0    0eng d</controlfield><datafield ind1=" " ind2=" " tag="010"><subfield code="a">sn 85031457 </subfield></datafield><datafield ind1=" " ind2=" " tag="040"><subfield code="a">KSH</subfield><subfield code="b">eng</subfield><subfield code="c">KSH</subfield><subfield code="d">NPT</subfield><subfield code="d">OCL</subfield><subfield code="d">OCLCQ</subfield></datafield><datafield ind1=" " ind2=" " tag="042"><subfield code="a">msc</subfield></datafield><datafield ind1="0" ind2=" " tag="130"><subfield code="a">Chetopa advance (Chetopa, Kan. : 1878)</subfield></datafield><datafield ind1="1" ind2="0" tag="245"><subfield code="a">Chetopa advance.</subfield></datafield><datafield ind1="3" ind2="0" tag="246"><subfield code="a">Chetopa advance reunion daily</subfield></datafield><datafield ind1=" " ind2=" " tag="260"><subfield code="a">Chetopa, Kan. :</subfield><subfield code="b">J.M. Cavaness,</subfield><subfield code="c">1878-1928.</subfield></datafield><datafield ind1=" " ind2=" " tag="300"><subfield code="a">50 v. :</subfield><subfield code="b">ill. ;</subfield><subfield code="c">55-68 cm.</subfield></datafield><datafield ind1=" " ind2=" " tag="310"><subfield code="a">Weekly</subfield></datafield><datafield ind1="0" ind2=" " tag="362"><subfield code="a">Vol. 10, no. 14 (Apr. 14, 1878)-v. 60, no. 48 (Nov. 29, 1928).</subfield></datafield><datafield ind1=" " ind2=" " tag="500"><subfield code="a">Publisher varies.</subfield></datafield><datafield ind1=" " ind2=" " tag="500"><subfield code="a">Published as a daily for one week a year during the Old Soldier's Reunion called: Chetopa advance reunion daily, Oct. 3-6, 1894, Sept. 4-7, 1895, Sept. 22-26, 1896.</subfield></datafield><datafield ind1=" " ind2=" " tag="525"><subfield code="a">Supplements included.</subfield></datafield><datafield ind1=" " ind2=" " tag="752"><subfield code="a">United States</subfield><subfield code="b">Kansas</subfield><subfield code="c">Labette</subfield><subfield code="d">Chetopa.</subfield></datafield><datafield ind1="0" ind2="0" tag="780"><subfield code="t">Southern Kansas advance</subfield><subfield code="w">(DLC)sn 84027632</subfield></datafield><datafield ind1="0" ind2="7" tag="785"><subfield code="t">Chetopa clipper</subfield><subfield code="w">(DLC)sn 85031458</subfield></datafield><datafield ind1="0" ind2="7" tag="785"><subfield code="t">Chetopa advance-clipper</subfield><subfield code="w">(DLC)sn 85031459</subfield></datafield></record>